@article{borowczyk2019employment,
  title="Employment adjustment and part-time work: {L}essons from the {U}nited {S}tates and the {U}nited {K}ingdom",
  author={Borowczyk-Martins, Daniel and Lal{\'e}, Etienne},
  journal={American Economic Journal: Macroeconomics},
  volume={11},
  number={1},
  pages={389--435},
  year={2019}
}
@article{li2010new,
  title={New Expenditure Data in the PSID: Comparisons with the CE},
  author={Li, Geng and Schoeni, Robert F and Danziger, Sheldon and Charles, Kerwin Kofi},
  journal={Monthly Lab. Rev.},
  volume={133},
  pages={29},
  year={2010},
  publisher={HeinOnline}
}
